
%BAB 1





%BAB 2
@article{esp32,
    author = {Muhammad Nizam and Haris Yuana and Zunita Wulansari},
    title = {MIKROKONTROLER ESP 32 SEBAGAI ALAT MONITORING
PINTU BERBASIS WEB},
    journal = {JATI (Jurnal Mahasiswa Teknik Informatika) Vol. 6 No. 2},
    year = {September 2022}
}

@article{raspi,
    author = {Florentinus Budi Setiawan
and Hadi Wijaya Kusuma
and Slamet Riyadi
and Leonardus Heru Pratomo},
    title = {Penerapan PI Cam Menggunakan Program Berbasis Raspberry PI 4},
    journal = {CYCLOTRON : Jurnal Teknik Elektro Vol. 5 No. 02 Halaman 51 - 56},
    year = {Juli 2022} 
}

@article{arduino-ide,
    author = {JauhariArifin and Leni Natalia Zulita and Hermawansyah},
    title = {PERANCANGAN MUROTTAL OTOMATIS MENGGUNAKAN MIKROKONTROLLER ARDUINO MEGA 2560 },
    journal = {Jurnal Media Infotama Vol. 12 No. 1},
    year = {Februari 2016}
}

@article{sensor,
    author ={Hermawansa Hermawansa and Toibah Umi Kalsum2} ,
    title = {ANALISIS KINERJA SENSOR PADA ROBOT PENDETEKSI KOTORAN DEBU DAN AIR},
    journal = {ILKOM Jurnal Ilmiah Volume 11 Nomor 1},
    year = {2019} 
}

@article{aktuator,
    author = {Aang Sukendar and Martinus and Novri Tanti},
    title = {PEMBUATAN SISTEM OTOMATIS UNTUK PENGATURAN MEKASNISME KERJA MESIN CETAK KERUPUK MENGGUNAKAN MIKROKONTROLLER ATMmega},
    journal = {JURNAL FEMA, Volume 1, Nomor 1},
    year = {Januari 2013}
}

%BAB 3











%BAB 4
